@string{acmpub = "ACM Press"}
@string{lncs = "LNCS"}
@string{sv = "Springer"}

@inproceedings{vanwyk02,
  author    = "Van Wyk, E. and de Moor, O. and Backhouse, K. and
               Kwiatkowski, P.",
  title     = "Forwarding in Attribute Grammars for Modular Language Design",
  booktitle = "Proc. 11th Intl. Conf. on Compiler Construction",
  series    = lncs,
  volume    = 2304,
  year      = 2002,
  pages     = "128-142"
}
%  publisher = sv,


@inproceedings{vanwyk07gpce,
 author    = "Van Wyk, Eric and Schwerdfeger, August",
 title     = "Context-Aware Scanning for Parsing Extensible Languages",
 booktitle = "Intl. Conf. on Generative Programming and Component 
              Engineering, (GPCE)",
 publisher = acmpub,
 month     = "October",
 pages     = "63--72",
 year      = 2007
}

@inproceedings{schwerdfeger09pldi,
 author    = "Schwerdfeger, August and Van Wyk, Eric",
 title     = "Verifiable Composition of Deterministic Grammars",
 booktitle = "Proc. of ACM SIGPLAN Conference on Programming 
              Language Design and Implementation (PLDI)",
 year      = 2009,
 month     = "June",
 pages     = "199--210",
 publisher = acmpub
}

@inproceedings{kaminski11sle,
 author    = "Kaminski, Ted and Van Wyk, Eric",
 title     = "Integrating attribute grammar and functional programming 
              language features",
 booktitle = "Proceedings of 4th the International Conference on Software
              Language Engineering ({SLE} 2011)",
 series    = lncs,
 volume    = "6940",
 pages     = "263--282",
 publisher = sv,
 year      = 2011,
 month     = "July"
}


@article{boyland05,
 author = {John Tang Boyland},
 title = {Remote attribute grammars},
 journal = {J. ACM},
 volume = {52},
 number = {4},
 year = {2005},
 issn = {0004-5411},
 pages = {627--687},
 doi = {http://doi.acm.org/10.1145/1082036.1082042},
 publisher = {ACM Press},
 address = {New York, NY, USA},
 }


@article{hedin00informatica,
  author  = "Hedin, G.",
  title   = "Reference Attribute Grammars",
  journal = "Informatica",
  volume = 24,
  number = 3,
  pages = "301--317",
  year = 2000
}

@inproceedings{vogt89,
AUTHOR    = "Vogt, H. and Swierstra, S. D. and Kuiper, M. F.",
TITLE     = "Higher-order Attribute Grammars",
BOOKTITLE = "ACM Conf. on Prog. Lang. Design and Implementation (PLDI)",
PAGES     = "131--145",
YEAR      = "1990"
}

%NOTE      = "Published as {\sl ACM SIGPLAN Notices}, 24(7)"}
%BOOKTITLE = "Conference on Programming Languages Design and Implementation",

