@comment{This file has been generated by Pybliographer}


@InProceedings{stringtemplate,
  Author         = "Terence John Parr",
  Title          = "Enforcing strict model-view separation in template
                   engines.",
  BookTitle      = {W{WW}},
  Pages          = {224-233},
  year           = 2004
}

@InProceedings{wadler-prettyprinter,
  Author         = {Philip Wadler},
  Title          = {A Prettier Printer},
  BookTitle      = {Journal of Functional Programming},
  Pages          = {223--244},
  Publisher      = {Palgrave Macmillan},
  year           = 1998
}

@InProceedings{imp,
  Author         = {Charles, Philippe and Fuhrer, Robert M. and
                   Sutton,Jr., Stanley M.},
  Title          = {I{MP}: a meta-tooling platform for creating
                   language-specific {IDE}s in {E}clipse},
  BookTitle      = {ASE '07: Proceedings of the twenty-second IEEE/ACM
                   international conference on Automated software
                   engineering},
  Pages          = {485--488},
  Address        = {New York, NY, USA},
  Publisher      = {ACM},
  doi            = {http://doi.acm.org/10.1145/1321631.1321715},
  isbn           = {978-1-59593-882-4},
  location       = {Atlanta, Georgia, USA},
  year           = 2007
}

@Article{antlr,
  Author         = {Terence J. Parr and Russell W. Quong},
  Title          = {A{NTLR}: a predicated-{LL}(k) parser generator},
  Journal        = {Software Practice and Experience},
  Volume         = {25},
  Pages          = {789--810},
  year           = 1994
}

@InProceedings{enterprise-dsl,
  Author         = {Freudenthal, Margus},
  Title          = {Using {DSL}s for developing enterprise systems},
  BookTitle      = {Proceedings of the Tenth Workshop on Language
                   Descriptions, Tools and Applications},
  Series         = {LDTA '10},
  Pages          = {11:1--11:7},
  Address        = {New York, NY, USA},
  Publisher      = {ACM},
  acmid          = {1868292},
  articleno      = {11},
  doi            = {http://doi.acm.org/10.1145/1868281.1868292},
  isbn           = {978-1-4503-0063-6},
  keywords       = {domain-specific languages},
  location       = {Paphos, Cyprus},
  numpages       = {7},
  url            = {http://doi.acm.org/10.1145/1868281.1868292},
  year           = 2010
}

