@inproceedings{hedin00,
  title         = {{Reference Attributed Grammars}},
  author        = {G{\"o}rel Hedin},
  year          = {2000},
  booktitle     = {Informatica (Slovenia)},
  series        = {24(3)},
  pages         = {301--317},
}
