@book{Wirth96,
    Author = {Wirth, Niklaus},
    Publisher = {Addison-Wesley},
    Title = {Compiler Construction},
    Year = {1996}}
